{
  "leader": "05020cam a2200565 a 4500",
  "fields": [
    {
      "001": "ocm46966846\\"
    },
    {
      "003": "OCoLC"
    },
    {
      "005": "20220629175124.0"
    },
    {
      "008": "010508s2001\\\\\\\\maua\\\\\\\\\\b\\\\\\\\000\\0\\eng\\c"
    },
    {
      "010": {
        "ind1": "\\",
        "ind2": "\\",
        "subfields": [
          {
            "a": "  2001368942"
          }
        ]
      }
    },
    {
      "040": {
        "ind1": "\\",
        "ind2": "\\",
        "subfields": [
          {
            "a": "HLS"
          },
          {
            "b": "eng"
          },
          {
            "c": "HLS"
          },
          {
            "d": "KUK"
          },
          {
            "d": "OCL"
          },
          {
            "d": "DLC"
          },
          {
            "d": "GZQ"
          },
          {
            "d": "LVB"
          },
          {
            "d": "FQG"
          },
          {
            "d": "IQU"
          },
          {
            "d": "OCLCQ"
          },
          {
            "d": "BAKER"
          },
          {
            "d": "YDXCP"
          },
          {
            "d": "OCLCQ"
          },
          {
            "d": "DRB"
          },
          {
            "d": "UBY"
          },
          {
            "d": "BDX"
          },
          {
            "d": "KLP"
          },
          {
            "d": "OCLCF"
          },
          {
            "d": "OCLCO"
          },
          {
            "d": "OCLCQ"
          },
          {
            "d": "NLC"
          },
          {
            "d": "OCLCQ"
          },
          {
            "d": "TYC"
          },
          {
            "d": "OCLCQ"
          },
          {
            "d": "MST"
          },
          {
            "d": "OCLCO"
          },
          {
            "d": "OCLCA"
          },
          {
            "d": "OCLCO"
          }
        ]
      }
    },
    {
      "016": {
        "ind1": "\\",
        "ind2": "\\",
        "subfields": [
          {
            "a": "(AMICUS)000025475328"
          }
        ]
      }
    },
    {
      "020": {
        "ind1": "\\",
        "ind2": "\\",
        "subfields": [
          {
            "a": "0674007255"
          }
        ]
      }
    },
    {
      "020": {
        "ind1": "\\",
        "ind2": "\\",
        "subfields": [
          {
            "a": "9780674007253"
          }
        ]
      }
    },
    {
      "035": {
        "ind1": "\\",
        "ind2": "\\",
        "subfields": [
          {
            "a": "(OCoLC)46966846"
          }
        ]
      }
    },
    {
      "043": {
        "ind1": "\\",
        "ind2": "\\",
        "subfields": [
          {
            "a": "n-us-ma"
          }
        ]
      }
    },
    {
      "050": {
        "ind1": "0",
        "ind2": "0",
        "subfields": [
          {
            "a": "LD2148.R83"
          },
          {
            "b": "R83 2001"
          }
        ]
      }
    },
    {
      "055": {
        "ind1": "0",
        "ind2": "1",
        "subfields": [
          {
            "a": "LD2120"
          }
        ]
      }
    },
    {
      "082": {
        "ind1": "0",
        "ind2": "4",
        "subfields": [
          {
            "a": "378.7444"
          },
          {
            "b": "RUD"
          }
        ]
      }
    },
    {
      "100": {
        "ind1": "1",
        "ind2": "\\",
        "subfields": [
          {
            "a": "Rudenstine, Neil L."
          }
        ]
      }
    },
    {
      "245": {
        "ind1": "1",
        "ind2": "0",
        "subfields": [
          {
            "a": "Pointing our thoughts :"
          },
          {
            "b": "reflections on Harvard and higher education, 1991-2001 /"
          },
          {
            "c": "Neil L. Rudenstine ; foreword by Hanna Holborn Gray."
          }
        ]
      }
    },
    {
      "246": {
        "ind1": "3",
        "ind2": "0",
        "subfields": [
          {
            "a": "Reflections on Harvard and higher education, 1991-2001"
          }
        ]
      }
    },
    {
      "260": {
        "ind1": "\\",
        "ind2": "\\",
        "subfields": [
          {
            "a": "Cambridge, Mass. :"
          },
          {
            "b": "Harvard University,"
          },
          {
            "c": "\u00a92001."
          }
        ]
      }
    },
    {
      "300": {
        "ind1": "\\",
        "ind2": "\\",
        "subfields": [
          {
            "a": "xiii, 377 pages :"
          },
          {
            "b": "1 illustration ;"
          },
          {
            "c": "26 cm"
          }
        ]
      }
    },
    {
      "336": {
        "ind1": "\\",
        "ind2": "\\",
        "subfields": [
          {
            "a": "text"
          },
          {
            "b": "txt"
          },
          {
            "2": "rdacontent"
          }
        ]
      }
    },
    {
      "337": {
        "ind1": "\\",
        "ind2": "\\",
        "subfields": [
          {
            "a": "unmediated"
          },
          {
            "b": "n"
          },
          {
            "2": "rdamedia"
          }
        ]
      }
    },
    {
      "338": {
        "ind1": "\\",
        "ind2": "\\",
        "subfields": [
          {
            "a": "volume"
          },
          {
            "b": "nc"
          },
          {
            "2": "rdacarrier"
          }
        ]
      }
    },
    {
      "504": {
        "ind1": "\\",
        "ind2": "\\",
        "subfields": [
          {
            "a": "Includes bibliographical references."
          }
        ]
      }
    },
    {
      "545": {
        "ind1": "\\",
        "ind2": "\\",
        "subfields": [
          {
            "a": "Neil L. Rudenstine (b. 1935) began his service as President of Harvard University on July 1, 1991. In May of 2000, he announced that he would leave Harvard at the end of the 2000/2001 academic year."
          }
        ]
      }
    },
    {
      "520": {
        "ind1": "\\",
        "ind2": "\\",
        "subfields": [
          {
            "a": "This volume is a collection of the speeches and writings of Neil Rudenstine delivered or written between 1991 and 2001. President Rudenstine delivered the speeches at events both within and without Harvard's walls. Events included commencements and convocations, honorary degree and other award ceremonies, anniversaries, building dedications, exhibition openings, conferences and meetings, and memorial services. Other works in this volume are testimony before Congress and open letters and statements to the Harvard community."
          }
        ]
      }
    },
    {
      "505": {
        "ind1": "0",
        "ind2": "0",
        "subfields": [
          {
            "g": "The enduring university:"
          },
          {
            "t": "The values of education."
          }
        ]
      }
    },
    {
      "505": {
        "ind1": "0",
        "ind2": "0",
        "subfields": [
          {
            "g": "The university and diversity:"
          },
          {
            "t": "Diversity and learning at Harvard --"
          },
          {
            "t": "Free expression in a diverse society --"
          },
          {
            "t": "Sustaining an inclusive vision --"
          },
          {
            "t": "Persevering --"
          },
          {
            "t": "University debate and freedom of speech --"
          },
          {
            "t": "Access and affordability --"
          },
          {
            "t": "Some essential institutional values."
          }
        ]
      }
    },
    {
      "505": {
        "ind1": "0",
        "ind2": "0",
        "subfields": [
          {
            "g": "The arts and humanities:"
          },
          {
            "t": "The challenging nature of the humanities --"
          },
          {
            "t": "A perpetual visual motion machine --"
          },
          {
            "t": "Melodic transgressions (John Harbison) --"
          },
          {
            "t": "Testing the limits (Ellsworth Kelly) --"
          },
          {
            "t": "Firmly grounded ideas --"
          },
          {
            "t": "A continuing conversation."
          }
        ]
      }
    },
    {
      "505": {
        "ind1": "0",
        "ind2": "0",
        "subfields": [
          {
            "g": "Science and technology:"
          },
          {
            "t": "New technologies and their promise for higher education --"
          },
          {
            "t": "The fruits of science and serendipity --"
          },
          {
            "t": "Our pursuit of science and health --"
          },
          {
            "t": "This astonishing technological phenomenon."
          }
        ]
      }
    },
    {
      "505": {
        "ind1": "0",
        "ind2": "0",
        "subfields": [
          {
            "g": "The professions, community, and public service:"
          },
          {
            "t": "The changing professions --"
          },
          {
            "t": "A mind as it reasons (Kathleen Sullivan) --"
          },
          {
            "t": "Leading medical education --"
          },
          {
            "t": "Landscape architecture at Harvard --"
          },
          {
            "t": "Servant of the public good (Alan Greenspan) --"
          },
          {
            "t": "Celebrating courage and commitment --"
          },
          {
            "t": "A sympathetic imagination (Justice Margaret Marshall) --"
          },
          {
            "t": "Casting and recasting --"
          },
          {
            "t": "Contributing to the life of our community."
          }
        ]
      }
    },
    {
      "505": {
        "ind1": "0",
        "ind2": "0",
        "subfields": [
          {
            "g": "Thinking internationally:"
          },
          {
            "t": "Engaging global realities --"
          },
          {
            "t": "Indigenously American but simultaneously global --"
          },
          {
            "t": "Exchanging differences --"
          },
          {
            "t": "A democrat who has learned from a king (Nelson Mandela) --"
          },
          {
            "t": "Pitching into commitments (David Rockefeller) --"
          },
          {
            "t": "Transforming situations (Yitzhak Rabin) --"
          },
          {
            "t": "A major turning point in international studies."
          }
        ]
      }
    },
    {
      "505": {
        "ind1": "0",
        "ind2": "0",
        "subfields": [
          {
            "g": "The worlds of Harvard:"
          },
          {
            "t": "Pointing our thoughts --"
          },
          {
            "t": "Integrating knowledge --"
          },
          {
            "t": "A spirit not to be quenched (Thomas Dudley Cabot) --"
          },
          {
            "t": "Deeds, not creeds (John Loeb) --"
          },
          {
            "t": "A lifetime of service and care (Joseph Pulitzer, Jr.) --"
          },
          {
            "t": "Her own poetics (Judith Nisse Shklar) --"
          },
          {
            "t": "Our lean Galbraithian hero (John Kenneth Galbraith) --"
          },
          {
            "t": "Thou art a wonder gome (Reverend Peter Gomes) --"
          },
          {
            "t": "This singular place --"
          },
          {
            "t": "A class by itself."
          }
        ]
      }
    },
    {
      "505": {
        "ind1": "0",
        "ind2": "0",
        "subfields": [
          {
            "g": "An education:"
          },
          {
            "t": "Reaching out --"
          },
          {
            "t": "The act of reading --"
          },
          {
            "t": "Designed to be a genuine community --"
          },
          {
            "t": "A labyrinthine collegiate climb --"
          },
          {
            "t": "Keeping our memory accurate --"
          },
          {
            "t": "Intensity and form (Sydney Freedberg) --"
          },
          {
            "t": "Something luminous (Harry Levin) --"
          },
          {
            "t": "Consequential minds and presences --"
          },
          {
            "t": "Passion as task --"
          },
          {
            "t": "Self-education."
          }
        ]
      }
    },
    {
      "600": {
        "ind1": "1",
        "ind2": "0",
        "subfields": [
          {
            "a": "Rudenstine, Neil L."
          }
        ]
      }
    },
    {
      "610": {
        "ind1": "2",
        "ind2": "0",
        "subfields": [
          {
            "a": "Harvard University."
          }
        ]
      }
    },
    {
      "650": {
        "ind1": "\\",
        "ind2": "0",
        "subfields": [
          {
            "a": "Education, Higher."
          }
        ]
      }
    },
    {
      "600": {
        "ind1": "1",
        "ind2": "7",
        "subfields": [
          {
            "a": "Rudenstine, Neil L."
          },
          {
            "2": "fast"
          },
          {
            "0": "(OCoLC)fst00292122"
          }
        ]
      }
    },
    {
      "610": {
        "ind1": "2",
        "ind2": "7",
        "subfields": [
          {
            "a": "Harvard University."
          },
          {
            "2": "fast"
          },
          {
            "0": "(OCoLC)fst00528983"
          }
        ]
      }
    },
    {
      "650": {
        "ind1": "\\",
        "ind2": "7",
        "subfields": [
          {
            "a": "Education, Higher."
          },
          {
            "2": "fast"
          },
          {
            "0": "(OCoLC)fst00903005"
          }
        ]
      }
    },
    {
      "700": {
        "ind1": "1",
        "ind2": "\\",
        "subfields": [
          {
            "a": "Gray, Hanna Holborn."
          }
        ]
      }
    },
    {
      "776": {
        "ind1": "0",
        "ind2": "8",
        "subfields": [
          {
            "i": "Online version:"
          },
          {
            "a": "Rudenstine, Neil L."
          },
          {
            "t": "Pointing our thoughts."
          },
          {
            "d": "Cambridge, Mass. : Harvard University, \u00a92001"
          },
          {
            "w": "(OCoLC)604544964"
          }
        ]
      }
    },
    {
      "776": {
        "ind1": "0",
        "ind2": "8",
        "subfields": [
          {
            "i": "Online version:"
          },
          {
            "a": "Rudenstine, Neil L."
          },
          {
            "t": "Pointing our thoughts."
          },
          {
            "d": "Cambridge, Mass. : Harvard University, \u00a92001"
          },
          {
            "w": "(OCoLC)608901776"
          }
        ]
      }
    },
    {
      "994": {
        "ind1": "\\",
        "ind2": "\\",
        "subfields": [
          {
            "a": "Z0"
          },
          {
            "b": "NYRVC"
          }
        ]
      }
    },
    {
      "948": {
        "ind1": "\\",
        "ind2": "\\",
        "subfields": [
          {
            "h": "NO HOLDINGS IN NYRVC - 209 OTHER HOLDINGS"
          }
        ]
      }
    },
    {
      "999": {
        "ind1": "\\",
        "ind2": "\\",
        "subfields": [
          {
            "a": "00000000019706"
          }
        ]
      }
    }
  ]
}